2332 4022
244 325 299 392 ao'

244 499 394 583 Sapphus
409 497 512 562 etiam
539 477 665 586 p'art‘ein
676 481 895 588 'r'eapiciimua
913 506 1048 578 malam,

241 619 1046 707 bonamquasplendetquaeramusetadmiremur.

325 745 446 812 Verum
462 742 551 826 quod
571 744 698 805 Annam
713 743 896 809 Dacieriam
912 744 960 827 (in
975 741 1046 808 vita

240 863 398 947 Sophus),
434 879 611 948 praeeunte
639 862 781 928 Maximo
816 865 916 945 Tyrio
945 870 979 954 1.Ι
999 885 1044 938 ca,

238 987 401 1046 maculam
426 981 523 1045 istam
543 981 698 1070 propensi
718 985 763 1046 ad
780 959 951 1046 libidinem
972 983 1043 1044 ani·

236 1102 285 1167 mi
315 1124 333 1164 a
361 1101 486 1189 poetaia
513 1106 610 1188 plane
643 1108 823 1190 abstergere
849 1104 1040 1167 'studentem

237 1215 365 1297 videos*
382 1225 462 1286 dum
482 1229 553 1303 ejus
573 1205 697 1290 amor'oi
728 1220 816 1288 niere
838 1217 1041 1310 philosophi·

234 1366 292 1409 coa
314 1361 346 1408 et
360 1343 534 1411 socraticos
547 1341 681 1428 judicat,
706 1349 804 1410 altera
819 1359 932 1404 ruraua
947 1355 1041 1424 parte

233 1465 329 1528 nihili
354 1453 413 1532 eet,
437 1485 514 1522 cum
535 1466 579 1519 ita
600 1459 752 1540 plurimis
770 1459 811 1518 de
833 1461 963 1539 Sappho
985 1477 1039 1520 ve·

233 1597 342 1642 terum
369 1571 564 1639 testimoniis
594 1543 713 1659 apertio
743 1574 1037 1652 contradiceretur3

197 1699 200 1708 ’
232 1697 391 1784 vigebunt
419 1697 498 1761 adeo
519 1717 596 1759 eane
626 1695 860 1780 Longepetraei
877 1699 975 1760 verba
997 1695 1035 1758 in

232 1822 389 1905 Sapphus,
398 1816 466 1882 vita
481 1832 593 1881 contra
608 1813 791 1878 Dacieriatn
804 1819 938 1900 prolata,
954 1837 1034 1902 quo·

231 1963 327 2014 cum,
355 1937 441 2004 sicut
460 1933 581 2011 Baitia,
610 1932 738 2000 oleario
758 1933 894 2022 aliisque
915 1939 977 2000 hac
997 1934 1034 1999 in

229 2081 265 2124 re
288 2059 404 2123 sentio.

312 2181 362 2245 Ad
382 2181 532 2266 Sapphus
553 2177 695 2266 speciem
723 2179 813 2266 quod
842 2177 958 2241 attinet
980 2200 1030 2240 ex·

227 2301 391 2375 tenorem,
415 2299 526 2364 minua
548 2323 585 2363 ea
607 2300 671 2364 fuit
692 2315 831 2362 venusta
852 2299 937 2361 visu.
981 2303 1029 2382 Ip-

227 2441 297 2484 aam
318 2442 368 2505 ap.
386 2418 542 2484 Ovidium
555 2417 658 2504 Epist.
680 2419 812 2484 Heroid.
828 2422 894 2483 XV.
914 2435 966 2497 31.
989 2419 1029 2482 de

226 2561 262 2607 oe
283 2543 439 2604 habemus
460 2541 541 2604 haee
560 2539 793 2625 profitentema'

229 2695 232 2700 ·
269 2665 350 2728 Sum
370 2659 497 2738 brevia,
524 2676 558 2726 at
584 2683 706 2726 nomen
729 2663 818 2748 quod
843 2675 946 2722 terras
969 2657 1027 2720 im·
1132 2703 1133 2722 a

661 2786 751 2868 pleat
771 2801 885 2845 omnes

309 2904 368 2964 Eat
382 2899 481 2966 mihia
500 2923 689 2968 mensuram
702 2899 847 2966 nominis
860 2900 932 2987 ipsa
946 2895 1025 2964 fero.

266 3020 414 3090 eandida
427 3020 455 3086 ai
469 3043 638 3102 nonaum,
650 3013 782 3111 placuit
796 3020 938 3110 Cepheia
954 3021 1026 3082 Per·
1132 3019 1133 3054 ³

241 3124 243 3129 ¹
622 3183 624 3191 =
663 3165 719 3210 aeo
802 3174 804 3182 ,

309 3264 533 3343 Andromede,
553 3261 676 3354 patriae
697 3265 920 3332 fusca·colore
941 3281 1026 3328 auae.
