2332 4022
825 445 834 458 ι
883 357 927 430 55
997 415 1003 444 'a

113 529 184 590 huc
204 543 275 589 assa
297 520 442 608 agitatas,
467 521 555 582 haud
572 519 726 605 exemplis
743 536 924 589 careamusa

114 645 201 732 Quis
213 671 244 710 v.
253 668 281 708 c.
292 641 444 705 danistae
454 663 536 704 anus
551 638 646 704 novit
659 636 925 706 libidinosast·

1063 237 1148 404 1

1146 409 1149 558 1

1145 592 1150 690 1

1137 719 1151 820 1

112 766 200 840 tatii,
223 766 259 826 in
278 785 358 849 quas
374 777 542 848 tantopere
555 760 810 826 111111ιί111ιῖ-
828 765 925 826 Prae·

113 901 168 948 ter
187 888 252 948 boc·
281 899 510 970 argumentum
534 882 644 946 Wolfii
671 881 823 969 opinioni
846 901 924 948 con-

114 1004 254 1068 trarium
299 1029 431 1092 quoque
465 1003 688 1070 animadverto
728 1003 921 1069 Eusebium.

115 1131 267 1210 Sapphus
304 1127 427 1190 scilicet
463 1149 587 1190 annum
620 1125 803 1190 natalitium
834 1125 924 1190 idem

115 1243 258 1306 Wolfius
303 1246 398 1328 ponis
446 1246 638 1330 Olympiade
676 1247 826 1318 XXXVI.
867 1247 923 1307 vel

115 1362 281 1436 XXXVtt.
310 1368 379 1426 Jam
401 1383 480 1427 vero
511 1364 674 1427 Eusebius
694 1365 925 1448 illamJOlym-

115 1483 213 1572 piade
243 1483 355 1556 xtrv.
387 1485 507 1546 claram
536 1501 613 1545 cum
638 1487 755 1546 Alcaeo
779 1481 924 1548 extitisse

115 1605 215 1667 tradit
230 1603 414 1675 memoriae.
457 1603 492 1690 Si
514 1601 613 1686 igitur
627 1603 711 1667 iutra
734 1603 846 1668 aetatis
868 1625 927 1668 ana

116 1745 179 1794 nos
199 1723 481 1793 XXv-XXXV.
504 1721 539 1783 in
565 1719 707 1786 Siciliam
729 1723 866 1806 aufugit,
891 1741 926 1787 et

118 1869 137 1909 e
153 1847 294 1908 Leucata
309 1864 379 1906 sesa
392 1841 521 1924 deiecit,
535 1841 595 1906 ista
605 1839 796 1927 Olympiade
810 1843 924 1915 XLIV.¹

118 1987 243 2030 annum
264 1965 331 2028 fere
352 1963 486 2037 XXXV.
508 1965 617 2049 gerere
639 1963 815 2038 debuisset,
839 1963 924 2030 circa

119 2089 208 2150 idem
231 2087 330 2155 adeo,
361 2105 426 2167 quo
449 2084 562 2168 periit,
593 2103 740 2172 tempus,
770 2093 824 2152 vel
847 2105 925 2174 post

119 2221 259 2270 mortem
278 2205 407 2291 dudum
433 2225 509 2267 cum
530 2203 597 2266 vita
617 2222 775 2268 mutatam
797 2211 837 2270 ab
859 2213 924 2270 Eu·
954 2175 958 2186 ἱ

119 2327 207 2393 sebio
232 2330 349 2392 claram
380 2346 458 2389 cum
479 2327 595 2390 Alcaeo
623 2323 737 2390 baberi
765 2315 925 2390 111111011-

121 2466 320 2534 sequeretur.
356 2452 500 2534 Utraque
518 2463 627 2512 autem
649 2450 729 2514 haec
745 2466 844 2536 quarn
859 2449 925 2512 sint

122 2565 258 2634 absurda
278 2565 380 2636 vides.

207 2691 281 2752 Fert
301 2685 447 2760 animus,
474 2701 569 2750 antea
595 2706 693 2772 quam
714 2685 754 2749 de
772 2689 924 2772 Sapphus

123 2809 318 2874 carminibus
346 2807 484 2872 fusiores
513 2807 634 2880 simus,
661 2807 840 2871 necessaria
872 2811 926 2874 ad·
961 2839 976 2870 0

124 2931 188 2992 buc
210 2929 251 2990 de
260 2927 412 3011 picturis,
434 2926 548 2992 statuis
572 2947 610 2990 ac
624 2927 780 3003 nummis,
804 2929 926 3015 quibus

125 3049 228 3134 imago
252 3053 322 3128 ejus
343 3047 385 3110 sit
416 3071 582 3134 expressa,
611 3071 675 3114 nee
689 3070 766 3114 -uon
790 3052 831 3111 de
858 3046 925 3132 epi·

125 3169 307 3256 grammatis
328 3186 360 3234 et
390 3169 507 3234 fabulis
526 3169 658 3246 ineam
677 3168 835 3243 conditis,
856 3185 926 3234 sno·

126 3315 218 3369 uere,
241 3313 345 3380 eoque
365 3291 438 3380 ipso
459 3295 601 3364 bonores
620 3289 777 3366 eximios,
803 3289 927 3378 quibus
1028 3373 1032 3390 ,

729 3413 757 3478 C
779 3431 797 3475 s
